@Article{tidyverse,
    title = {Welcome to the {tidyverse}},
    author = {Hadley Wickham and Mara Averick and Jennifer Bryan and Winston Chang and Lucy D'Agostino McGowan and Romain Fran\c{c}ois and Garrett Grolemund and Alex Hayes and Lionel Henry and Jim Hester and Max Kuhn and Thomas Lin Pedersen and Evan Miller and Stephan Milton Bache and Kirill M{\"u}ller and Jeroen Ooms and David Robinson and Dana Paige Seidel and Vitalie Spinu and Kohske Takahashi and Davis Vaughan and Claus Wilke and Kara Woo and Hiroaki Yutani},
    year = {2019},
    journal = {Journal of Open Source Software},
    volume = {4},
    number = {43},
    pages = {1686},
    doi = {10.21105/joss.01686},
  }
  
@article{Kasdin25,
  title={Natural behaviour is learned through dopamine-mediated reinforcement},
  author={Kasdin, Jonathan and Duffy, Alison and Nadler, Nathan and Raha, Arnav and Fairhall, Adrienne L and Stachenfeld, Kimberly L and Gadagkar, Vikram},
  journal={Nature},
  pages={1--8},
  year={2025},
  publisher={Nature Publishing Group UK London}
}

  @Manual{pwr,
    title = {pwr: {B}asic Functions for Power Analysis},
    author = {Stephane Champely},
    year = {2020},
    note = {R package version 1.3-0},
    url = {https://CRAN.R-project.org/package=pwr},
}
    
  @Manual{patchwork,
    title = {patchwork: The Composer of Plots},
    author = {Thomas Lin Pedersen},
    year = {2024},
    note = {R package version 1.3.0},
    url = {https://CRAN.R-project.org/package=patchwork},
  }    